@article{fft_complexity,
author = {Ilya Pollak},
year = {2004},
title = {Digital Signal Processing with Applications}
}

%https://apps2.mdp.ac.id/perpustakaan/ebook/Karya%20Umum/Portable_Shared_Memory_Parallel_Programming.pdf 
@book{lumzLimitProcs,
author = {Barbara Chapman and Gabriele Jost and Ruud van der Pas},
year = {2008},
title = {Using OpenMP}
}